@misc{ElianaThesis,
  title = {Novel ion trap with resolved quantum state detection by velocity separation - toward first probe of parity violation in chiral molecules / Eliana Ruth Wallach ; [Supervision: Yuval Shagam].},
  year = {2024},
  author = {Wallach, Eliana Ruth and Shagam, Yuval and Technion - Israel Institute of Technology. Faculty of Physics degree granting institution},
  address = {Haifa},
  booktitle = {Novel ion trap with resolved quantum state detection by velocity separation - toward first probe of parity violation in chiral molecules},
  language = {eng},
  publisher = {Technion - Israel Institute of Technology},
}
}
@article{Hoeffding,
  author      = {Wassily Hoeffding},
  title       = {Probability inequalities for sums of bounded random variables},
  journal     = {Journal of the American Statistical Association},
  volume      = {58},
  pages       = {13--30},
  year        = {1963},
}
